@article{Neghawi2020EvaluationOP,
  title={Evaluation of Parameter Update Effects in Deep Semi-Supervised Learning Algorithms},
  author={Elie Neghawi and Y. Liu},
  journal={2020 IEEE 44th Annual Computers, Software, and Applications Conference (COMPSAC)},
  year={2020},
  pages={351-360}
}

@article{LaineA16,
  author    = {Samuli Laine and
               Timo Aila},
  title     = {Temporal Ensembling for Semi-Supervised Learning},
  journal   = {CoRR},
  volume    = {abs/1610.02242},
  year      = {2016},
  eprinttype = {arXiv},
  eprint    = {1610.02242},
}

@article{TarvainenV17,
  author    = {Antti Tarvainen and
               Harri Valpola},
  title     = {Weight-averaged consistency targets improve semi-supervised deep learning
               results},
  journal   = {CoRR},
  volume    = {abs/1703.01780},
  year      = {2017},
  eprinttype = {arXiv},
  eprint    = {1703.01780},
  timestamp = {Mon, 13 Aug 2018 16:49:09 +0200},
  biburl    = {https://dblp.org/rec/journals/corr/TarvainenV17.bib},
  bibsource = {dblp computer science bibliography, https://dblp.org}
}

@article{HadjisZMR16,
  author    = {Stefan Hadjis and
               Ce Zhang and
               Ioannis Mitliagkas and
               Christopher R{\'{e}}},
  title     = {Omnivore: An Optimizer for Multi-device Deep Learning on CPUs and
               GPUs},
  journal   = {CoRR},
  volume    = {abs/1606.04487},
  year      = {2016},
  eprinttype = {arXiv},
  eprint    = {1606.04487},
  timestamp = {Tue, 12 Jan 2021 16:18:00 +0100},
  biburl    = {https://dblp.org/rec/journals/corr/HadjisZMR16.bib},
  bibsource = {dblp computer science bibliography, https://dblp.org}
}

@article{abs-1712-01887,
  author    = {Yujun Lin and
               Song Han and
               Huizi Mao and
               Yu Wang and
               William J. Dally},
  title     = {Deep Gradient Compression: Reducing the Communication Bandwidth for
               Distributed Training},
  journal   = {CoRR},
  volume    = {abs/1712.01887},
  year      = {2017},
  eprinttype = {arXiv},
  eprint    = {1712.01887},
  timestamp = {Thu, 11 Feb 2021 23:20:18 +0100},
  biburl    = {https://dblp.org/rec/journals/corr/abs-1712-01887.bib},
  bibsource = {dblp computer science bibliography, https://dblp.org}
}

@article{HeZRS15,
  author    = {Kaiming He and
               Xiangyu Zhang and
               Shaoqing Ren and
               Jian Sun},
  title     = {Deep Residual Learning for Image Recognition},
  journal   = {CoRR},
  volume    = {abs/1512.03385},
  year      = {2015},
  eprinttype = {arXiv},
  eprint    = {1512.03385},
  timestamp = {Wed, 17 Apr 2019 17:23:45 +0200},
  biburl    = {https://dblp.org/rec/journals/corr/HeZRS15.bib},
  bibsource = {dblp computer science bibliography, https://dblp.org}
}

@article{HuangLW16a,
  author    = {Gao Huang and
               Zhuang Liu and
               Kilian Q. Weinberger},
  title     = {Densely Connected Convolutional Networks},
  journal   = {CoRR},
  volume    = {abs/1608.06993},
  year      = {2016},
  eprinttype = {arXiv},
  eprint    = {1608.06993},
  timestamp = {Mon, 10 Sep 2018 15:49:32 +0200},
  biburl    = {https://dblp.org/rec/journals/corr/HuangLW16a.bib},
  bibsource = {dblp computer science bibliography, https://dblp.org}
}

@INPROCEEDINGS{7780459,  author={He, Kaiming and Zhang, Xiangyu and Ren, Shaoqing and Sun, Jian},  booktitle={2016 IEEE Conference on Computer Vision and Pattern Recognition (CVPR)},   title={Deep Residual Learning for Image Recognition},   year={2016},  volume={},  number={},  pages={770-778},  doi={10.1109/CVPR.2016.90}}
@book{books/mit/06/CSZ2006,
  added-at = {2019-07-22T00:00:00.000+0200},
  biburl = {https://www.bibsonomy.org/bibtex/265ac136f8b3a44d77fcf9ec42829296a/dblp},
  editor = {Chapelle, Olivier and Sch√∂lkopf, Bernhard and Zien, Alexander},
  ee = {https://doi.org/10.7551/mitpress/9780262033589.001.0001},
  interhash = {90eecf83da2790cac977f375160081fe},
  intrahash = {65ac136f8b3a44d77fcf9ec42829296a},
  isbn = {9780262033589},
  keywords = {dblp},
  publisher = {The MIT Press},
  timestamp = {2019-09-17T12:36:24.000+0200},
  title = {Semi-Supervised Learning},
  url = {http://dblp.uni-trier.de/db/books/collections/CSZ2006.html},
  year = 2006
}

@article{DBLP:journals/corr/AbadiABBCCCDDDG16,
  author    = {Mart{\'{\i}}n Abadi and
               Ashish Agarwal and
               Paul Barham and
               Eugene Brevdo and
               Zhifeng Chen and
               Craig Citro and
               Gregory S. Corrado and
               Andy Davis and
               Jeffrey Dean and
               Matthieu Devin and
               Sanjay Ghemawat and
               Ian J. Goodfellow and
               Andrew Harp and
               Geoffrey Irving and
               Michael Isard and
               Yangqing Jia and
               Rafal J{\'{o}}zefowicz and
               Lukasz Kaiser and
               Manjunath Kudlur and
               Josh Levenberg and
               Dan Man{\'{e}} and
               Rajat Monga and
               Sherry Moore and
               Derek Gordon Murray and
               Chris Olah and
               Mike Schuster and
               Jonathon Shlens and
               Benoit Steiner and
               Ilya Sutskever and
               Kunal Talwar and
               Paul A. Tucker and
               Vincent Vanhoucke and
               Vijay Vasudevan and
               Fernanda B. Vi{\'{e}}gas and
               Oriol Vinyals and
               Pete Warden and
               Martin Wattenberg and
               Martin Wicke and
               Yuan Yu and
               Xiaoqiang Zheng},
  title     = {TensorFlow: Large-Scale Machine Learning on Heterogeneous Distributed
               Systems},
  journal   = {CoRR},
  volume    = {abs/1603.04467},
  year      = {2016},
  eprinttype = {arXiv},
  eprint    = {1603.04467},
  timestamp = {Mon, 13 Aug 2018 16:47:09 +0200},
  biburl    = {https://dblp.org/rec/journals/corr/AbadiABBCCCDDDG16.bib},
  bibsource = {dblp computer science bibliography, https://dblp.org}
}

@article{DBLP:journals/corr/SparksTSKPGFJK13,
  author    = {Evan R. Sparks and
               Ameet Talwalkar and
               Virginia Smith and
               Jey Kottalam and
               Xinghao Pan and
               Joseph E. Gonzalez and
               Michael J. Franklin and
               Michael I. Jordan and
               Tim Kraska},
  title     = {{MLI:} An {API} for Distributed Machine Learning},
  journal   = {CoRR},
  volume    = {abs/1310.5426},
  year      = {2013},
  eprinttype = {arXiv},
  eprint    = {1310.5426},
  timestamp = {Mon, 13 Aug 2018 16:49:10 +0200},
  biburl    = {https://dblp.org/rec/journals/corr/SparksTSKPGFJK13.bib},
  bibsource = {dblp computer science bibliography, https://dblp.org}
}

@book{vapnik95,
  added-at = {2019-04-26T12:44:37.000+0200},
  author = {Vapnik, Vladimir N.},
  biburl = {https://www.bibsonomy.org/bibtex/2df9b1e85d80b3e3a448fc6c93e7051a0/tomhanika},
  interhash = {98898576dfede7a15fcbf60cad98f9c0},
  intrahash = {df9b1e85d80b3e3a448fc6c93e7051a0},
  isbn = {0-387-94559-8},
  keywords = {triangle vcdim},
  publisher = {Springer-Verlag New York, Inc.},
  timestamp = {2019-04-26T12:44:37.000+0200},
  title = {The nature of statistical learning theory},
  year = 1995
}

@article{Zaharia2012FastAI,
  title={Fast and Interactive Analytics over Hadoop Data with Spark},
  author={Matei A. Zaharia and Mosharaf Chowdhury and Tathagata Das and Ankur Dave and Justin Ma and James Murphy McCauley and Michael J. Franklin and Scott Shenker and Ion Stoica},
  journal={login Usenix Mag.},
  year={2012},
  volume={37}
}

@inproceedings{7808140,
  author={Pal, Kuntal Kumar and Sudeep, K. S.},
  booktitle={2016 IEEE International Conference on Recent Trends in Electronics, Information \& Communication Technology (RTEICT)}, 
  title={Preprocessing for image classification by convolutional neural networks}, 
  year={2016},
  volume={},
  number={},
  pages={1778-1781},
  doi={10.1109/RTEICT.2016.7808140}}

@book{murphy2013machine,
  added-at = {2017-02-27T11:22:42.000+0100},
  address = {Cambridge, Mass. [u.a.]},
  author = {Murphy, Kevin P.},
  biburl = {https://www.bibsonomy.org/bibtex/270148d65a6a66e0ae962bf22c5f66148/hotho},
  description = {Machine Learning: A Probabilistic Perspective (Adaptive Computation and Machine Learning series): Kevin P. Murphy: 9780262018029: Amazon.com: Books},
  interhash = {e99d8a06cc36507b05c38192ab80573e},
  intrahash = {70148d65a6a66e0ae962bf22c5f66148},
  isbn = {9780262018029 0262018020},
  keywords = {hmm lda learning machine statistics},
  publisher = {MIT Press},
  refid = {904442949},
  timestamp = {2017-02-27T11:22:42.000+0100},
  title = {Machine learning : a probabilistic perspective},
  year = 2013
}

@article{DBLP:journals/corr/HuangSLSW16,
  author    = {Gao Huang and
               Yu Sun and
               Zhuang Liu and
               Daniel Sedra and
               Kilian Q. Weinberger},
  title     = {Deep Networks with Stochastic Depth},
  journal   = {CoRR},
  volume    = {abs/1603.09382},
  year      = {2016},
  eprinttype = {arXiv},
  eprint    = {1603.09382},
  timestamp = {Sat, 15 Dec 2018 13:25:43 +0100},
  biburl    = {https://dblp.org/rec/journals/corr/HuangSLSW16.bib},
  bibsource = {dblp computer science bibliography, https://dblp.org}
}

@article{abs-2107-04474,
  author    = {Wen Shen and
               Zhihua Wei and
               Shikun Huang and
               Binbin Zhang and
               Jiaqi Fan and
               Ping Zhao and
               Quanshi Zhang},
  title     = {Interpretable Compositional Convolutional Neural Networks},
  journal   = {CoRR},
  volume    = {abs/2107.04474},
  year      = {2021},
  eprinttype = {arXiv},
  eprint    = {2107.04474},
  timestamp = {Tue, 20 Jul 2021 15:08:33 +0200},
  biburl    = {https://dblp.org/rec/journals/corr/abs-2107-04474.bib},
  bibsource = {dblp computer science bibliography, https://dblp.org}
}

@article{DBLP:journals/corr/HeZR015,
  author    = {Kaiming He and
               Xiangyu Zhang and
               Shaoqing Ren and
               Jian Sun},
  title     = {Delving Deep into Rectifiers: Surpassing Human-Level Performance on
               ImageNet Classification},
  journal   = {CoRR},
  volume    = {abs/1502.01852},
  year      = {2015},
  eprinttype = {arXiv},
  eprint    = {1502.01852},
  timestamp = {Wed, 17 Apr 2019 17:23:45 +0200},
  biburl    = {https://dblp.org/rec/journals/corr/HeZR015.bib},
  bibsource = {dblp computer science bibliography, https://dblp.org}
}

@misc{mania2016perturbed,
      title={Perturbed Iterate Analysis for Asynchronous Stochastic Optimization}, 
      author={Horia Mania and Xinghao Pan and Dimitris Papailiopoulos and Benjamin Recht and Kannan Ramchandran and Michael I. Jordan},
      year={2016},
      eprint={1507.06970},
      archivePrefix={arXiv},
      primaryClass={stat.ML}
}

@article{DBLP:journals/corr/SzegedyVISW15,
  author    = {Christian Szegedy and
               Vincent Vanhoucke and
               Sergey Ioffe and
               Jonathon Shlens and
               Zbigniew Wojna},
  title     = {Rethinking the Inception Architecture for Computer Vision},
  journal   = {CoRR},
  volume    = {abs/1512.00567},
  year      = {2015},
  eprinttype = {arXiv},
  eprint    = {1512.00567},
  timestamp = {Mon, 13 Aug 2018 16:49:07 +0200},
  biburl    = {https://dblp.org/rec/journals/corr/SzegedyVISW15.bib},
  bibsource = {dblp computer science bibliography, https://dblp.org}
}

@article{tieleman2012lecture,
  title={Lecture 6.5-rmsprop: Divide the gradient by a running average of its recent magnitude},
  author={Tieleman, Tijmen and Hinton, Geoffrey and others},
  journal={COURSERA: Neural networks for machine learning},
  volume={4},
  number={2},
  pages={26--31},
  year={2012}
}

@article{Gastaldi17,
  author    = {Xavier Gastaldi},
  title     = {Shake-Shake regularization},
  journal   = {CoRR},
  volume    = {abs/1705.07485},
  year      = {2017},
  eprinttype = {arXiv},
  eprint    = {1705.07485},
  timestamp = {Mon, 13 Aug 2018 16:46:33 +0200},
  biburl    = {https://dblp.org/rec/journals/corr/Gastaldi17.bib},
  bibsource = {dblp computer science bibliography, https://dblp.org}
}

@article{DBLP:journals/corr/GoyalDGNWKTJH17,
  author    = {Priya Goyal and
               Piotr Doll{\'{a}}r and
               Ross B. Girshick and
               Pieter Noordhuis and
               Lukasz Wesolowski and
               Aapo Kyrola and
               Andrew Tulloch and
               Yangqing Jia and
               Kaiming He},
  title     = {Accurate, Large Minibatch {SGD:} Training ImageNet in 1 Hour},
  journal   = {CoRR},
  volume    = {abs/1706.02677},
  year      = {2017},
  eprinttype = {arXiv},
  eprint    = {1706.02677},
  timestamp = {Mon, 13 Aug 2018 16:49:10 +0200},
  biburl    = {https://dblp.org/rec/journals/corr/GoyalDGNWKTJH17.bib},
  bibsource = {dblp computer science bibliography, https://dblp.org}
}

@article{DBLP:journals/corr/IoffeS15,
  author    = {Sergey Ioffe and
               Christian Szegedy},
  title     = {Batch Normalization: Accelerating Deep Network Training by Reducing
               Internal Covariate Shift},
  journal   = {CoRR},
  volume    = {abs/1502.03167},
  year      = {2015},
  eprinttype = {arXiv},
  eprint    = {1502.03167},
  timestamp = {Mon, 13 Aug 2018 16:47:06 +0200},
  biburl    = {https://dblp.org/rec/journals/corr/IoffeS15.bib},
  bibsource = {dblp computer science bibliography, https://dblp.org}
}

@article{abs-2106-11528,
  author    = {Gyeongho Kim},
  title     = {Recent Deep Semi-supervised Learning Approaches and Related Works},
  journal   = {CoRR},
  volume    = {abs/2106.11528},
  year      = {2021},
  eprinttype = {arXiv},
  eprint    = {2106.11528},
  timestamp = {Wed, 30 Jun 2021 16:14:10 +0200},
  biburl    = {https://dblp.org/rec/journals/corr/abs-2106-11528.bib},
  bibsource = {dblp computer science bibliography, https://dblp.org}
}

@article{DBLP:journals/corr/abs-1905-13686,
  author    = {Federico Baldassarre and
               Hossein Azizpour},
  title     = {Explainability Techniques for Graph Convolutional Networks},
  journal   = {CoRR},
  volume    = {abs/1905.13686},
  year      = {2019},
  eprinttype = {arXiv},
  eprint    = {1905.13686},
  timestamp = {Mon, 03 Jun 2019 13:42:33 +0200},
  biburl    = {https://dblp.org/rec/journals/corr/abs-1905-13686.bib},
  bibsource = {dblp computer science bibliography, https://dblp.org}
}

@misc{rudin2019stop,
      title={Stop Explaining Black Box Machine Learning Models for High Stakes Decisions and Use Interpretable Models Instead}, 
      author={Cynthia Rudin},
      year={2019},
      eprint={1811.10154},
      archivePrefix={arXiv},
      primaryClass={stat.ML}
}

@article{DBLP:journals/corr/abs-1909-10911,
  author    = {Robert Schwarzenberg and
               Marc H{\"{u}}bner and
               David Harbecke and
               Christoph Alt and
               Leonhard Hennig},
  title     = {Layerwise Relevance Visualization in Convolutional Text Graph Classifiers},
  journal   = {CoRR},
  volume    = {abs/1909.10911},
  year      = {2019},
  eprinttype = {arXiv},
  eprint    = {1909.10911},
  timestamp = {Fri, 27 Sep 2019 13:04:21 +0200},
  biburl    = {https://dblp.org/rec/journals/corr/abs-1909-10911.bib},
  bibsource = {dblp computer science bibliography, https://dblp.org}
}

@INPROCEEDINGS{8954227,
  author={Pope, Phillip E. and Kolouri, Soheil and Rostami, Mohammad and Martin, Charles E. and Hoffmann, Heiko},
  booktitle={2019 IEEE/CVF Conference on Computer Vision and Pattern Recognition (CVPR)}, 
  title={Explainability Methods for Graph Convolutional Neural Networks}, 
  year={2019},
  volume={},
  number={},
  pages={10764-10773},
  doi={10.1109/CVPR.2019.01103}}

  @article{DBLP:journals/corr/abs-1802-07814,
  author    = {Jianbo Chen and
               Le Song and
               Martin J. Wainwright and
               Michael I. Jordan},
  title     = {Learning to Explain: An Information-Theoretic Perspective on Model
               Interpretation},
  journal   = {CoRR},
  volume    = {abs/1802.07814},
  year      = {2018},
  eprinttype = {arXiv},
  eprint    = {1802.07814},
  timestamp = {Mon, 13 Aug 2018 16:46:57 +0200},
  biburl    = {https://dblp.org/rec/journals/corr/abs-1802-07814.bib},
  bibsource = {dblp computer science bibliography, https://dblp.org}
}

@article{abs-2006-02587,
  author    = {Hao Yuan and
               Jiliang Tang and
               Xia Hu and
               Shuiwang Ji},
  title     = {{XGNN:} Towards Model-Level Explanations of Graph Neural Networks},
  journal   = {CoRR},
  volume    = {abs/2006.02587},
  year      = {2020},
  eprinttype = {arXiv},
  eprint    = {2006.02587},
  timestamp = {Mon, 08 Jun 2020 15:48:39 +0200},
  biburl    = {https://dblp.org/rec/journals/corr/abs-2006-02587.bib},
  bibsource = {dblp computer science bibliography, https://dblp.org}
}

@article{abs-2012-15445,
  author    = {Hao Yuan and
               Haiyang Yu and
               Shurui Gui and
               Shuiwang Ji},
  title     = {Explainability in Graph Neural Networks: {A} Taxonomic Survey},
  journal   = {CoRR},
  volume    = {abs/2012.15445},
  year      = {2020},
  eprinttype = {arXiv},
  eprint    = {2012.15445},
  timestamp = {Fri, 08 Jan 2021 17:23:09 +0100},
  biburl    = {https://dblp.org/rec/journals/corr/abs-2012-15445.bib},
  bibsource = {dblp computer science bibliography, https://dblp.org}
}

@article{abs-2004-14545,
  author    = {Ning Xie and
               Gabrielle Ras and
               Marcel van Gerven and
               Derek Doran},
  title     = {Explainable Deep Learning: {A} Field Guide for the Uninitiated},
  journal   = {CoRR},
  volume    = {abs/2004.14545},
  year      = {2020},
  eprinttype = {arXiv},
  eprint    = {2004.14545},
  timestamp = {Sun, 03 May 2020 17:39:04 +0200},
  biburl    = {https://dblp.org/rec/journals/corr/abs-2004-14545.bib},
  bibsource = {dblp computer science bibliography, https://dblp.org}
}

@article{ZintgrafCAW17,
  author    = {Luisa M. Zintgraf and
               Taco S. Cohen and
               Tameem Adel and
               Max Welling},
  title     = {Visualizing Deep Neural Network Decisions: Prediction Difference Analysis},
  journal   = {CoRR},
  volume    = {abs/1702.04595},
  year      = {2017},
  eprinttype = {arXiv},
  eprint    = {1702.04595},
  timestamp = {Mon, 13 Aug 2018 16:47:17 +0200},
  biburl    = {https://dblp.org/rec/journals/corr/ZintgrafCAW17.bib},
  bibsource = {dblp computer science bibliography, https://dblp.org}
}

@article{mixmatch,
  author    = {David Berthelot and
               Nicholas Carlini and
               Ian J. Goodfellow and
               Nicolas Papernot and
               Avital Oliver and
               Colin Raffel},
  title     = {MixMatch: {A} Holistic Approach to Semi-Supervised Learning},
  journal   = {CoRR},
  volume    = {abs/1905.02249},
  year      = {2019},
  eprinttype = {arXiv},
  eprint    = {1905.02249},
  timestamp = {Mon, 27 May 2019 13:15:00 +0200},
  biburl    = {https://dblp.org/rec/journals/corr/abs-1905-02249.bib},
  bibsource = {dblp computer science bibliography, https://dblp.org}
}

@article{fixmatch,
  author    = {Kihyuk Sohn and
               David Berthelot and
               Chun{-}Liang Li and
               Zizhao Zhang and
               Nicholas Carlini and
               Ekin D. Cubuk and
               Alex Kurakin and
               Han Zhang and
               Colin Raffel},
  title     = {FixMatch: Simplifying Semi-Supervised Learning with Consistency and Confidence},
  journal   = {CoRR},
  volume    = {abs/2001.07685},
  year      = {2020},
  url       = {https://arxiv.org/abs/2001.07685},
  eprinttype = {arXiv},
  eprint    = {2001.07685},
}
}
@misc{meanteacher,
  doi = {10.48550/ARXIV.1703.01780},
  
  url = {https://arxiv.org/abs/1703.01780},
  
  author = {Tarvainen, Antti and Valpola, Harri},
  
  keywords = {Neural and Evolutionary Computing (cs.NE), Machine Learning (cs.LG), Machine Learning (stat.ML), FOS: Computer and information sciences, FOS: Computer and information sciences},
  
  title = {Mean teachers are better role models: Weight-averaged consistency targets improve semi-supervised deep learning results},
  
  publisher = {arXiv},
  
  year = {2017},
  
  copyright = {arXiv.org perpetual, non-exclusive license}
}

@article{moradi_2021,
doi = {10.1016/j.eswa.2020.113941},
url = {https://doi.org/10.10162Fj.eswa.2020.113941},
year = {2021},
month = {mar},
publisher = {Elsevier {BV}},
volume = {165},
pages = {113941},
author = {Milad Moradi and Matthias Samwald},
title = {Post-hoc explanation of black-box classifiers using confident itemsets},
journal = {Expert Systems with Applications}
}
@article{Kessy_2018,
	doi = {10.1080/00031305.2016.1277159},
	url = {https://doi.org/10.1080%2F00031305.2016.1277159},
	year = 2018,
	month = {jan},
	publisher = {Informa {UK} Limited},
	volume = {72},
	number = {4},
	pages = {309--314},
	author = {Agnan Kessy and Alex Lewin and Korbinian Strimmer},
	title = {Optimal Whitening and Decorrelation},
	journal = {The American Statistician}
}

@misc{Szegedy05567,
doi = {10.48550/ARXIV.1512.00567},
url = {https://arxiv.org/abs/1512.00567},
author = {Szegedy, Christian and Vanhoucke, Vincent and Ioffe, Sergey and Shlens, Jonathon and Wojna, Zbigniew},
keywords = {Computer Vision and Pattern Recognition (cs.CV), FOS: Computer and information sciences, FOS: Computer and information sciences},
title = {Rethinking the Inception Architecture for Computer Vision},
publisher = {arXiv},
year = {2015},
copyright = {arXiv.org perpetual, non-exclusive license}
}

@article{DBLP:journals/corr/abs-1708-08296,
author    = {Wojciech Samek and Thomas Wiegand and Klaus{-}Robert M{\"{u}}ller},
title     = {Explainable Artificial Intelligence: Understanding, Visualizing and Interpreting Deep Learning Models},
journal   = {CoRR},
volume    = {abs/1708.08296},
year      = {2017},
url       = {http://arxiv.org/abs/1708.08296},
eprinttype = {arXiv},
eprint    = {1708.08296},
timestamp = {Mon, 13 Aug 2018 16:48:36 +0200},
biburl    = {https://dblp.org/rec/journals/corr/abs-1708-08296.bib},
bibsource = {dblp computer science bibliography, https://dblp.org}
}

@article{DBLP:journals/corr/abs-2010-08660,
  author    = {Manas Gaur and
               Keyur Faldu and
               Amit P. Sheth},
  title     = {Semantics of the Black-Box: Can knowledge graphs help make deep learning
               systems more interpretable and explainable?},
  journal   = {CoRR},
  volume    = {abs/2010.08660},
  year      = {2020},
  url       = {https://arxiv.org/abs/2010.08660},
  eprinttype = {arXiv},
  eprint    = {2010.08660},
  timestamp = {Wed, 21 Oct 2020 12:11:48 +0200},
  biburl    = {https://dblp.org/rec/journals/corr/abs-2010-08660.bib},
  bibsource = {dblp computer science bibliography, https://dblp.org}
}

@article{DBLP:journals/corr/KonecnyMYRSB16,
author    = {Jakub Koneƒçn√Ω and
             H. Brendan McMahan and
             Felix X. Yu and
             Peter Richt{\'{a}}rik and
             Ananda Theertha Suresh and
             Dave Bacon},
title     = {Federated Learning: Strategies for Improving Communication Efficiency},
journal   = {CoRR},
volume    = {abs/1610.05492},
year      = {2016},
url       = {http://arxiv.org/abs/1610.05492},
eprinttype = {arXiv},
eprint    = {1610.05492},
timestamp = {Mon, 13 Aug 2018 16:48:21 +0200},
biburl    = {https://dblp.org/rec/journals/corr/KonecnyMYRSB16.bib},
bibsource = {dblp computer science bibliography, https://dblp.org}
}

@article{Murdoch_2019,
doi = {10.1073/pnas.1900654116},
url = {https://doi.org/10.1073%2Fpnas.1900654116},
year = 2019,
month = {oct},
publisher = {Proceedings of the National Academy of Sciences},
volume = {116},
number = {44},
pages = {22071--22080},
author = {W. James Murdoch and Chandan Singh and Karl Kumbier and Reza Abbasi-Asl and Bin Yu},
title = {Definitions, methods, and applications in interpretable machine learning},
journal = {Proceedings of the National Academy of Sciences}
}

@article{Zhang_2021,
doi = {10.1109/tetci.2021.3100641},
url = {https://doi.org/10.1109%2Ftetci.2021.3100641},
year = 2021,
month = {oct},
publisher = {Institute of Electrical and Electronics Engineers ({IEEE})},
volume = {5},
number = {5},
pages = {726--742},
author = {Yu Zhang and Peter Tino and Ales Leonardis and Ke Tang},
title = {A Survey on Neural Network Interpretability},
journal = {{IEEE} Transactions on Emerging Topics in Computational Intelligence}
}
@article{10.1002/isaf.1422,
author = {Preece, Alun},
title = {Asking ‚ÄòWhy‚Äô in AI: Explainability of Intelligent Systems ‚Äì Perspectives and Challenges},
year = {2018},
publisher = {John Wiley and Sons Ltd.},
address = {GBR},
volume = {25},
number = {2},
issn = {1055-615X},
url = {https://doi.org/10.1002/isaf.1422},
doi = {10.1002/isaf.1422},
journal = {Int. J. Intell. Syst. Account. Financ. Manage.},
month = {jun},
pages = {63‚Äì72},
keywords = {explainability, interpretability, artificial intelligence, machine learning}
}
@article{DBLP:journals/corr/abs-2101-09429,
author    = {Sheikh Rabiul Islam and William Eberle and Sheikh Khaled Ghafoor and Mohiuddin Ahmed},
title     = {Explainable Artificial Intelligence Approaches: {A} Survey},
journal   = {CoRR},
volume    = {abs/2101.09429},
year      = {2021},
url       = {https://arxiv.org/abs/2101.09429},
eprinttype = {arXiv},
eprint    = {2101.09429},
}
@incollection{Pocevi_i_t__2020,
doi = {10.1007/978-3-030-50402-1_4},
url = {https://doi.org/10.1007\%2F978-3-030-50402-1_4},
year = 2020,
publisher = {Springer International Publishing},
pages = {56--88},
author = {Milda Pocevi{\v{c} }t{\.{e}} and Gabriel Eilertsen and Claes Lundstr√∂m},
title = {Survey of {XAI} in Digital Pathology},
booktitle = {Artificial Intelligence and Machine Learning for Digital Pathology}
}
@article{DBLP:journals/corr/abs-2012-01007,
author    = {Julie Gerlings and Arisa Shollo and Ioanna D. Constantiou},
title     = {Reviewing the Need for Explainable Artificial Intelligence (xAI)},
journal   = {CoRR},
volume    = {abs/2012.01007},
year      = {2020},
url       = {https://arxiv.org/abs/2012.01007},
eprinttype = {arXiv},
eprint    = {2012.01007},
timestamp = {Fri, 04 Dec 2020 12:07:23 +0100},
biburl    = {https://dblp.org/rec/journals/corr/abs-2012-01007.bib},
bibsource = {dblp computer science bibliography, https://dblp.org}
}
@INPROCEEDINGS{9566467,
author={Querejeta Lomas, Leire and Goti Elordi, Aitor and Almeida Escondrillas, Aitor and Lopez De Ipi√±a Gonzalez De Artaza, Diego},
booktitle={2021 6th International Conference on Smart and Sustainable Technologies (SpliTech)}, 
title={A Systematic Literature Review of Artificial Intelligence in Fashion Retail B2C}, 
year={2021},
volume={},
number={},
pages={01-06},
doi={10.23919/SpliTech52315.2021.9566467}}

@article{DBLP:journals/corr/abs-1709-10256,
  author    = {Maria Fox and
               Derek Long and
               Daniele Magazzeni},
  title     = {Explainable Planning},
  journal   = {CoRR},
  volume    = {abs/1709.10256},
  year      = {2017},
  url       = {http://arxiv.org/abs/1709.10256},
  eprinttype = {arXiv},
  eprint    = {1709.10256},
  timestamp = {Tue, 02 Nov 2021 15:59:05 +0100},
  biburl    = {https://dblp.org/rec/journals/corr/abs-1709-10256.bib},
  bibsource = {dblp computer science bibliography, https://dblp.org}
}
@misc{https://doi.org/10.48550/arxiv.2202.08335,
doi = {10.48550/ARXIV.2202.08335},
url = {https://arxiv.org/abs/2202.08335},
author = {Xie, Yaochen and Katariya, Sumeet and Tang, Xianfeng and Huang, Edward and Rao, Nikhil and Subbian, Karthik and Ji, Shuiwang},
keywords = {Machine Learning (cs.LG), FOS: Computer and information sciences, FOS: Computer and information sciences},
title = {Task-Agnostic Graph Explanations},
publisher = {arXiv},
year = {2022},
copyright = {arXiv.org perpetual, non-exclusive license}
}
@article{DBLP:journals/corr/KipfW16,
author    = {Thomas N. Kipf and Max Welling},
title     = {Semi-Supervised Classification with Graph Convolutional Networks},
journal   = {CoRR},
volume    = {abs/1609.02907},
year      = {2016},
url       = {http://arxiv.org/abs/1609.02907},
eprinttype = {arXiv},
eprint    = {1609.02907},
timestamp = {Mon, 13 Aug 2018 16:48:31 +0200},
biburl    = {https://dblp.org/rec/journals/corr/KipfW16.bib},
bibsource = {dblp computer science bibliography, https://dblp.org}
}

@Article{electronics8080832,
author = {Carvalho, Diogo V. and Pereira, Eduardo M. and Cardoso, Jaime S.},
title = {Machine Learning Interpretability: A Survey on Methods and Metrics},
journal = {Electronics},
volume = {8},
year = {2019},
number = {8},
article-number = {832},
url = {https://www.mdpi.com/2079-9292/8/8/832},
issn = {2079-9292},
doi = {10.3390/electronics8080832}
}
@inproceedings{10.5555/3157096.3157227,
author = {Sajjadi, Mehdi and Javanmardi, Mehran and Tasdizen, Tolga},
title = {Regularization with Stochastic Transformations and Perturbations for Deep Semi-Supervised Learning},
year = {2016},
isbn = {9781510838819},
publisher = {Curran Associates Inc.},
address = {Red Hook, NY, USA},
booktitle = {Proceedings of the 30th International Conference on Neural Information Processing Systems},
pages = {1171‚Äì1179},
numpages = {9},
location = {Barcelona, Spain},
series = {NIPS'16}
}
@inproceedings{NIPS2016_8a3363ab,
 author = {Salimans, Tim and Goodfellow, Ian and Zaremba, Wojciech and Cheung, Vicki and Radford, Alec and Chen, Xi and Chen, Xi},
 booktitle = {Advances in Neural Information Processing Systems},
 editor = {D. Lee and M. Sugiyama and U. Luxburg and I. Guyon and R. Garnett},
 pages = {},
 publisher = {Curran Associates, Inc.},
 title = {Improved Techniques for Training GANs},
 url = {https://proceedings.neurips.cc/paper/2016/file/8a3363abe792db2d8761d6403605aeb7-Paper.pdf},
 volume = {29},
 year = {2016}
}
@misc{https://doi.org/10.48550/arxiv.1506.02351,
doi = {10.48550/ARXIV.1506.02351},
url = {https://arxiv.org/abs/1506.02351},
author = {Zhao, Junbo and Mathieu, Michael and Goroshin, Ross and LeCun, Yann},
keywords = {Machine Learning (stat.ML), Machine Learning (cs.LG), Neural and Evolutionary Computing (cs.NE), FOS: Computer and information sciences, FOS: Computer and information sciences},
title = {Stacked What-Where Auto-encoders},
publisher = {arXiv},
year = {2015},
copyright = {arXiv.org perpetual, non-exclusive license}
}
